<record><leader>00000cas a2200000 a 4500</leader><controlfield tag="001">23280590</controlfield><controlfield tag="008">910321d19861998akuwr ne      0   a0eng c</controlfield><datafield ind1=" " ind2=" " tag="010"><subfield code="a">sn 91017098 </subfield></datafield><datafield ind1=" " ind2=" " tag="040"><subfield code="a">CLU</subfield><subfield code="b">eng</subfield><subfield code="c">CLU</subfield><subfield code="d">ANE</subfield><subfield code="d">NSD</subfield><subfield code="d">OCLCQ</subfield><subfield code="d">OCLCF</subfield><subfield code="d">OCLCO</subfield></datafield><datafield ind1=" " ind2=" " tag="012"><subfield code="i">9103</subfield></datafield><datafield ind1="1" ind2=" " tag="022"><subfield code="a">1537-4963</subfield><subfield code="l">1537-4963</subfield><subfield code="2">1</subfield></datafield><datafield ind1="1" ind2=" " tag="029"><subfield code="a">AU@</subfield><subfield code="b">000008360910</subfield></datafield><datafield ind1="1" ind2=" " tag="029"><subfield code="a">NZ1</subfield><subfield code="b">16074537</subfield></datafield><datafield ind1=" " ind2=" " tag="042"><subfield code="a">pcc</subfield><subfield code="a">nsdp</subfield></datafield><datafield ind1=" " ind2=" " tag="043"><subfield code="a">n-us-ak</subfield></datafield><datafield ind1=" " ind2=" " tag="090"><subfield code="a">HF3161.A4</subfield><subfield code="b">A43</subfield></datafield><datafield ind1="0" ind2=" " tag="130"><subfield code="a">Alaska journal of commerce (1986)</subfield></datafield><datafield ind1=" " ind2="0" tag="222"><subfield code="a">Alaska journal of commerce</subfield><subfield code="b">(1986)</subfield></datafield><datafield ind1="0" ind2="0" tag="245"><subfield code="a">Alaska journal of commerce.</subfield></datafield><datafield ind1="1" ind2="3" tag="246"><subfield code="a">Alaska journal of commerce &amp; Pacific Rim reporter</subfield></datafield><datafield ind1=" " ind2=" " tag="260"><subfield code="a">Anchorage, Alaska :</subfield><subfield code="b">Pacific Rim Pub. Co.,</subfield><subfield code="c">1986-1998.</subfield></datafield><datafield ind1=" " ind2=" " tag="300"><subfield code="a">12 v.</subfield></datafield><datafield ind1=" " ind2=" " tag="310"><subfield code="a">Weekly</subfield></datafield><datafield ind1="0" ind2=" " tag="362"><subfield code="a">Vol. 10, no. 1 (Jan. 6, 1986)-v. 22, no. 5 (Feb. 2, 1998).</subfield></datafield><datafield ind1=" " ind2="0" tag="651"><subfield code="a">Anchorage (Alaska)</subfield><subfield code="v">Newspapers.</subfield></datafield><datafield ind1=" " ind2="7" tag="655"><subfield code="a">Newspapers.</subfield><subfield code="2">fast</subfield><subfield code="0">(OCoLC)fst01423814</subfield></datafield><datafield ind1=" " ind2="7" tag="651"><subfield code="a">Alaska</subfield><subfield code="z">Anchorage.</subfield><subfield code="2">fast</subfield><subfield code="0">(OCoLC)fst01212412</subfield></datafield><datafield ind1=" " ind2=" " tag="752"><subfield code="a">United States</subfield><subfield code="b">Alaska</subfield><subfield code="d">Anchorage.</subfield></datafield><datafield ind1="0" ind2="0" tag="780"><subfield code="t">Alaska journal of commerce &amp; Pacific Rim reporter</subfield><subfield code="x">0271-3276</subfield><subfield code="w">(OCoLC)6606387</subfield></datafield><datafield ind1="0" ind2="0" tag="785"><subfield code="t">Journal of Alaska business and commerce</subfield><subfield code="x">1537-4955</subfield><subfield code="w">(DLC)sn 98060256</subfield></datafield><datafield ind1=" " ind2=" " tag="850"><subfield code="a">CLU</subfield></datafield></record>